<?xml version="1.0" encoding="UTF-8"?><collection xmlns="http://www.loc.gov/MARC21/slim"><record><leader>00399nam--2200145-i-4500</leader><controlfield tag="001">000015387</controlfield><controlfield tag="002">20161230</controlfield><controlfield tag="005">20170210210520</controlfield><controlfield tag="008">060222s1000------------r-----000-0-eng-d</controlfield><datafield ind1=" " ind2=" " tag="245"><subfield code="a">Calculatoarele electronice, grafica interactiva si prelucrarea imaginilor</subfield></datafield><datafield ind1=" " ind2=" " tag="260"><subfield code="a">Bucuresti</subfield><subfield code="b">Ed.Tehnica</subfield><subfield code="c">1985</subfield></datafield><datafield ind1=" " ind2=" " tag="300"><subfield code="a">359 p</subfield></datafield><datafield ind1=" " ind2=" " tag="700"><subfield code="a">Baltac, Vasile</subfield></datafield><datafield ind1=" " ind2=" " tag="852"><subfield code="a">681.3.02</subfield></datafield><datafield ind1=" " ind2=" " tag="CAT"><subfield code="a">SYS</subfield><subfield code="c">20170210</subfield><subfield code="h">210520</subfield></datafield></record></collection>